%% This BibTeX bibliography file was created using BibDesk.
%% http://bibdesk.sourceforge.net/


%% Created for Marian Haescher at 2012-11-03 18:54:44 +0100 


%% Saved with string encoding Unicode (UTF-8) 



@conference{DTNBundle,
	Address = {Jet Propulsion Laboratory, Pasadena CA 91109},
	Author = {John Segui and Esther Jennings},
	Booktitle = {2nd IEEE International Conference on Space Mission Challenges for Information Technology (SMC-IT'06)},
	Date-Added = {2012-11-03 17:46:36 +0000},
	Date-Modified = {2012-11-03 17:53:57 +0000},
	Title = {Delay Tolerant Networking - Bundle Protocol Simulation},
	Year = {2006}}

@webpage{imgCuriosity,
	Date-Added = {2012-11-03 16:59:12 +0000},
	Date-Modified = {2012-11-03 17:10:37 +0000},
	Lastchecked = {3.11.2012},
	Title = {{Mars Rover Curiosity}},
	Url = {http://www.skeptical-science.com/wp-content/uploads/2012/08/Curiosity.png},
	Bdsk-Url-1 = {http://www.skeptical-science.com/wp-content/uploads/2012/08/Curiosity.png}}

@webpage{imgGoldstone,
	Date-Added = {2012-11-03 16:56:45 +0000},
	Date-Modified = {2012-11-03 16:58:51 +0000},
	Lastchecked = {3.11.2012},
	Title = {{NASA Goldstone Antenne in Kaliforien}},
	Url = {http://davebullock.com/img/dynamic/large222.jpg},
	Bdsk-Url-1 = {http://davebullock.com/img/dynamic/large222.jpg}}

@article{Sebastian2010,
	Abstract = {We describe the parameters that drive the design and modeling of the Rover Environmental Monitoring Station (REMS) Ground Temperature Sensor (GTS), an instrument aboard NASA's Mars Science Laboratory, and report preliminary test results. REMS GTS is a lightweight, low-power, and low cost pyrometer for measuring the Martian surface kinematic temperature. The sensor's main feature is its innovative design, based on a simple mechanical structure with no moving parts. It includes an in-flight calibration system that permits sensor recalibration when sensor sensitivity has been degraded by deposition of dust over the optics. This paper provides the first results of a GTS engineering model working in a Martian-like, extreme environment.},
	Author = {Sebasti\'{a}n, Eduardo and Armiens, Carlos and G\'{o}mez-Elvira, Javier and Zorzano, Mar\'{\i}a P and Martinez-Frias, Jesus and Esteban, Blanca and Ramos, Miguel},
	Doi = {10.3390/s101009211},
	File = {:Users/mh447/Dropbox/Projektarbeit (Interplanetare Kommunikation)/References/sensors-10-09211-v2.pdf:pdf},
	Issn = {1424-8220},
	Journal = {Sensors (Basel, Switzerland)},
	Keywords = {Environmental Monitoring,Environmental Monitoring: instrumentation,Environmental Monitoring: methods,Extraterrestrial Environment,Mars,Space Flight,Temperature,United States,United States National Aeronautics and Space Administration},
	Month = jan,
	Number = {10},
	Pages = {9211--31},
	Pmid = {22163405},
	Title = {{The Rover Environmental Monitoring Station Ground Temperature Sensor: a pyrometer for measuring ground temperature on Mars.}},
	Url = {http://www.pubmedcentral.nih.gov/articlerender.fcgi?artid=3230958\&tool=pmcentrez\&rendertype=abstract},
	Volume = {10},
	Year = {2010},
	Bdsk-Url-1 = {http://www.pubmedcentral.nih.gov/articlerender.fcgi?artid=3230958%5C&tool=pmcentrez%5C&rendertype=abstract},
	Bdsk-Url-2 = {http://dx.doi.org/10.3390/s101009211}}

@article{Noy2000,
	Author = {Noy, Natalya F and Mcguinness, Deborah L},
	File = {:Users/mh447/Dropbox/Projektarbeit (Interplanetare Kommunikation)/References/ontology101.pdf:pdf},
	Pages = {1--25},
	Title = {{Ontology Development 101 : A Guide to Creating Your First Ontology}},
	Year = {2000}}

@article{Kiely2006,
	Author = {Kiely, A and Klimesh, M and Xie, H and Aranki, N},
	File = {:Users/mh447/Dropbox/Projektarbeit (Interplanetare Kommunikation)/References/ICER Bildformat/ICER-3D Hyperspectral Image Processor.pdf:pdf},
	Pages = {1--21},
	Title = {{ICER-3D : A Progressive Wavelet-Based Compressor for Hyperspectral}},
	Year = {2006}}

@article{Kiely2007,
	Author = {Kiely, A and Ansar, A and Castano, A and Klimesh, M and Maki, J},
	File = {:Users/mh447/Dropbox/Projektarbeit (Interplanetare Kommunikation)/References/ICER Bildformat/ICER Lossy Image Compression.pdf:pdf},
	Pages = {1--27},
	Title = {{Lossy Image Compression and Stereo Ranging Quality from Mars Rovers}},
	Year = {2007}}

@article{Donick2012,
	Author = {Donick, Mario and Daher, Robil and Schwelgengr\"{a}ber, Wiebke and Krohn, Martin and Tavangarian, Djamshid},
	Doi = {10.1515/pik-2012-0018},
	File = {:Users/mh447/Dropbox/Projektarbeit (Interplanetare Kommunikation)/References/3\_PIK\_donick\_et\_al\_v1.0.pdf:pdf},
	Issn = {0930-5157},
	Journal = {PIK - Praxis der Informationsverarbeitung und Kommunikation},
	Month = jan,
	Number = {2},
	Title = {{Messung und Optimierung der Interaktionsg\"{u}te (Quality of Interaction) zeitverz\"{o}gerter CSCW-Anwendungen}},
	Url = {http://www.degruyter.com/view/j/piko.2012.35.issue-2/pik-2012-0018/pik-2012-0018.xml},
	Volume = {35},
	Year = {2012},
	Bdsk-Url-1 = {http://www.degruyter.com/view/j/piko.2012.35.issue-2/pik-2012-0018/pik-2012-0018.xml},
	Bdsk-Url-2 = {http://dx.doi.org/10.1515/pik-2012-0018}}

@article{Daher,
	Author = {Daher, Robil and Krohn, Martin and Donick, Mario and Tavangarian, Djamshid},
	File = {:Users/mh447/Dropbox/Projektarbeit (Interplanetare Kommunikation)/References/1\_CRODT\_framework\_final\_v1.3.pdf:pdf},
	Pages = {1--10},
	Title = {{Content Relevance-Oriented Data Transport Framework for Interplanetary Networks}}}

@book{Alexandrescu:2001:MCD:377789,
	Address = {Boston, MA, USA},
	Author = {Alexandrescu, Andrei},
	Isbn = {0-201-70431-5},
	Publisher = {Addison-Wesley Longman Publishing Co., Inc.},
	Title = {Modern C++ design: generic programming and design patterns applied},
	Year = {2001}}

@book{martin2009clean,
	Author = {Martin, R.C. and Engel, R.},
	Isbn = {9783826655487},
	Publisher = {mitp-Verlag},
	Title = {Clean Code - Deutsche Ausgabe: Refactoring, Patterns, Testen und Techniken f{\"u}r sauberen Code},
	Url = {http://books.google.de/books?id=HGxKPgAACAAJ},
	Year = {2009},
	Bdsk-Url-1 = {http://books.google.de/books?id=HGxKPgAACAAJ}}

@book{herold2001go,
	Author = {Herold, H. and Klar, M. and Klar, S.},
	Isbn = {9783827316516},
	Publisher = {Addison-Wesley},
	Series = {Go To},
	Title = {Go To Objektorientierung},
	Url = {http://books.google.de/books?id=3Fw7dc5XrGcC},
	Year = {2001},
	Bdsk-Url-1 = {http://books.google.de/books?id=3Fw7dc5XrGcC}}

@book{Nielsen,
	Author = {Jakob Nielsen},
	Date-Added = {2012-11-01 16:28:28 +0000},
	Date-Modified = {2012-11-01 16:31:53 +0000},
	Isbn = {0125184069},
	Publisher = {Academic Press},
	Title = {Usability Engineering},
	Year = {1993}}

@book{books/daglib/0019573,
	Added-At = {2011-03-23T00:00:00.000+0100},
	Author = {Eilebrecht, Karl and Starke, Gernot},
	Biburl = {http://www.bibsonomy.org/bibtex/2b281bffcb92c8841d445f42b20345d4d/dblp},
	Interhash = {084c25030f8f7a28abd6c7c7f6432631},
	Intrahash = {b281bffcb92c8841d445f42b20345d4d},
	Isbn = {978-3-8274-1591-2},
	Keywords = {dblp},
	Pages = {I-VI, 1-158},
	Publisher = {Spektrum Akademischer Verlag},
	Timestamp = {2011-03-23T00:00:00.000+0100},
	Title = {Patterns kompakt - Entwurfsmuster f{\"u}r effektive Software-Entwicklung (2. Aufl.).},
	Year = 2007}

@webpage{web1,
	Date-Modified = {2012-11-03 12:21:53 +0000},
	Month = Nov,
	Title = {Bundle Protocol Specification (RFC 5050)},
	Url = {http://tools.ietf.org/html/rfc5050},
	Year = {2012},
	Bdsk-Url-1 = {http://tools.ietf.org/html/rfc5050}}

@webpage{web2,
	Author = {Jan Haase},
	Date-Modified = {2012-11-03 12:22:12 +0000},
	Month = Nov,
	Title = {How CRC works},
	Url = {http://www-stud.rbi.informatik.uni-frankfurt.de/~haase/crc.html},
	Year = {2012},
	Bdsk-Url-1 = {http://www-stud.rbi.informatik.uni-frankfurt.de/~haase/crc.html}}

@webpage{web3,
	Author = {Lloyd Wood},
	Date-Modified = {2012-11-03 12:22:25 +0000},
	Month = Nov,
	Title = {Delay Tolerant Networking},
	Url = {http://personal.ee.surrey.ac.uk/Personal/L.Wood/dtn/saratoga?/},
	Year = {2012},
	Bdsk-Url-1 = {http://personal.ee.surrey.ac.uk/Personal/L.Wood/dtn/saratoga?/}}

@webpage{web4,
	Date-Modified = {2012-11-03 12:22:38 +0000},
	Month = Nov,
	Title = {Licklider Transmission Protocol Specification (RFC 5326)},
	Url = {http://tools.ietf.org/html/rfc5326},
	Year = {2012},
	Bdsk-Url-1 = {http://tools.ietf.org/html/rfc5326}}
